<record><leader>00000cas a2200000 a 4500</leader><controlfield tag="001">50561282</controlfield><controlfield tag="008">020907d18971900iludr ne      0    0eng c</controlfield><datafield ind1=" " ind2=" " tag="010"><subfield code="a">sn2002060801</subfield></datafield><datafield ind1=" " ind2=" " tag="040"><subfield code="a">CVF</subfield><subfield code="b">eng</subfield><subfield code="c">CVF</subfield><subfield code="d">NVF</subfield><subfield code="d">OCLCQ</subfield><subfield code="d">OCLCO</subfield></datafield><datafield ind1="1" ind2=" " tag="029"><subfield code="a">AU@</subfield><subfield code="b">000024093248</subfield></datafield><datafield ind1=" " ind2=" " tag="042"><subfield code="a">pcc</subfield></datafield><datafield ind1=" " ind2=" " tag="043"><subfield code="a">n-us-il</subfield></datafield><datafield ind1="0" ind2="0" tag="245"><subfield code="a">Waukegan daily gazette register.</subfield></datafield><datafield ind1=" " ind2=" " tag="260"><subfield code="a">Waukegan, Lake Co., Ill. :</subfield><subfield code="b">Hall &amp; DeKay Co.,</subfield><subfield code="c">1897-1900.</subfield></datafield><datafield ind1=" " ind2=" " tag="300"><subfield code="a">v.</subfield></datafield><datafield ind1=" " ind2=" " tag="310"><subfield code="a">Daily</subfield></datafield><datafield ind1="0" ind2=" " tag="362"><subfield code="a">Vol. 48, no. 241 (Oct. 12, 1897)- = vol. 6, no. 241 (1900).</subfield></datafield><datafield ind1=" " ind2="0" tag="651"><subfield code="a">Lake County (Ill.)</subfield><subfield code="v">Newspapers.</subfield></datafield><datafield ind1=" " ind2="0" tag="651"><subfield code="a">McHenry County (Ill.)</subfield><subfield code="v">Newspapers.</subfield></datafield><datafield ind1=" " ind2="0" tag="651"><subfield code="a">Boone County (Ill.)</subfield><subfield code="v">Newspapers.</subfield></datafield><datafield ind1=" " ind2="0" tag="651"><subfield code="a">Kenosha Co., (Ill.)</subfield><subfield code="v">Newspapers.</subfield></datafield><datafield ind1=" " ind2=" " tag="752"><subfield code="a">United States</subfield><subfield code="b">Illinois</subfield><subfield code="c">Lake</subfield><subfield code="d">Waukegan.</subfield></datafield><datafield ind1="0" ind2="0" tag="780"><subfield code="a">Waukegan daily register</subfield><subfield code="w">(DLC)sn2002060892</subfield><subfield code="w">(OCoLC)50560996</subfield></datafield><datafield ind1="0" ind2="0" tag="780"><subfield code="a">Daily herald</subfield></datafield><datafield ind1="0" ind2="0" tag="785"><subfield code="a">Waukegan daily gazette</subfield><subfield code="w">(DLC)sn2002060805</subfield><subfield code="w">(OCoLC)50561320</subfield></datafield><datafield ind1=" " ind2=" " tag="936"><subfield code="a">Vol. 12, no. 143 (June 29, 1898)</subfield></datafield></record>